@misc{Trevett2023,
  author       = {Ben Trevett},
  title        = {PyTorch Sentiment Analysis},
  year         = {2023},
  url          = {https://github.com/bentrevett/pytorch-sentiment-analysis},
  note         = {GitHub repository}
}

@article{Agarwal2020,
  title={Analysis of Classifiers for Fake News Detection},
  author={Vasu Agarwal and H. Parveen Sultana and Srijan Malhotra and Amitrajit Sarkar},
  journal={Procedia Computer Science},
  volume={165},
  pages={377-383},
  year={2020},
  doi={10.1016/j.procs.2020.01.035}
}

@inproceedings{Jain2017,
  title={Sarcasm detection of tweets: A comparative study},
  author={Tanya Jain and Nilesh Agrawal and Garima Goyal and Niyati Aggrawal},
  booktitle={2017 Tenth International Conference on Contemporary Computing (IC3)},
  year={2017},
  doi={10.1109/IC3.2017.8284317},
  organization={IEEE},
  address={Noida, India},
  isbn={2572-6129}
}

@article{Baroiu2022,
  title={Automatic Sarcasm Detection: Systematic Literature Review},
  author={Alexandru-Costin Băroiu and Ștefan Trăușan-Matu},
  journal={Information},
  volume={13},
  number={8},
  pages={399},
  year={2022},
  doi={10.3390/info13080399},
  publisher={MDPI}
}

@inproceedings{Agarwal2019,
  title={Analysis of Classifiers for Fake News Detection},
  author={Vasu Agarwal and H. Parveen Sultana and Srijan Malhotra and Amitrajit Sarkar},
  booktitle={International Conference on Recent Trends in Advanced Computing 2019 (ICRTAC 2019)},
  year={2019},
  organization={Elsevier},
  doi={10.1016/j.procs.2020.01.035}
}
